<?xml version="1.0" encoding="UTF-8"?><record xmlns="http://www.loc.gov/MARC21/slim" xmlns:cinclude="http://apache.org/cocoon/include/1.0" xmlns:zs="http://www.loc.gov/zing/srw/">
  <leader>00434cz  a2200121n  4500</leader>
  <controlfield tag="001">n  79002173 </controlfield>
  <controlfield tag="003">DLC</controlfield>
  <controlfield tag="005">20100709074652.0</controlfield>
  <controlfield tag="008">790110n| acannaabn          |n aaa      </controlfield>
  <datafield tag="010" ind1=" " ind2=" ">
    <subfield code="a">n  79002173 </subfield>
  </datafield>
  <datafield tag="040" ind1=" " ind2=" ">
    <subfield code="a">DLC</subfield>
    <subfield code="b">eng</subfield>
    <subfield code="c">DLC</subfield>
    <subfield code="d">DLC</subfield>
  </datafield>
  <datafield tag="100" ind1="1" ind2=" ">
    <subfield code="a">Jarvis, Charles A.</subfield>
  </datafield>
  <datafield tag="670" ind1=" " ind2=" ">
    <subfield code="a">Jewellery manufacture and repair, 1978:</subfield>
    <subfield code="b">t.p. (Charles A. Jarvis, FGA) jkt. (formerly managing director of Bostock &amp; Rainer; free-lance designer &amp; repairer of jewellery)</subfield>
  </datafield>
</record>